@inproceedings{yao2009efficient,
  author={Limin Yao and David Mimno and Andrew McCallum},
  title={Efficient Methods for Topic Model Inference on Streaming Document Collections},
  booktitle={KDD},
  year={2009},
  url={http://www.cs.umass.edu/~mimno/papers/fast-topic-model.pdf},
}

@inproceedings{nallapati2008joint,
  author={Ramesh Nallapati and Amr Ahmed and Eric P. Xing and William Cohen},
  title={Joint Latent Topic Models for Text and Citations},
  booktitle={KDD},
  year={2008},
  url={http://portal.acm.org/citation.cfm?id=1401957},
  pages={542--550},
}

@article{blei2003latent,
  author={David M. Blei and Andrew Ng and Michael Jordan},
  title={Latent Dirichlet allocation},
  journal={JMLR},
  year={2003},
  volume={3},
  pages={993-1022},
}

@misc{mallet,
  author={Andrew Kachites McCallum},
  title={MALLET: A Machine Learning for Language Toolkit},
  year={2002},
  url={http://mallet.cs.umass.edu},
}

@inproceedings{Celikyilmaz:2010:LBS:1867767.1867768,
 author = {Celikyilmaz, Asli and Hakkani-Tur, Dilek and Tur, Gokhan},
 title = {LDA based similarity modeling for question answering},
 booktitle = {Proceedings of the NAACL HLT 2010 Workshop on Semantic Search},
 series = {SS '10},
 year = {2010},
 location = {Los Angeles, California},
 pages = {1--9},
 numpages = {9},
 url = {http://dl.acm.org/citation.cfm?id=1867767.1867768},
 acmid = {1867768},
 publisher = {Association for Computational Linguistics},
 address = {Stroudsburg, PA, USA},
}

@inproceedings{Backstrom:2011:SRW:1935826.1935914,
 author = {Backstrom, Lars and Leskovec, Jure},
 title = {Supervised random walks: predicting and recommending links in social networks},
 booktitle = {Proceedings of the fourth ACM international conference on Web search and data mining},
 series = {WSDM '11},
 year = {2011},
 isbn = {978-1-4503-0493-1},
 location = {Hong Kong, China},
 pages = {635--644},
 numpages = {10},
 url = {http://doi.acm.org/10.1145/1935826.1935914},
 doi = {10.1145/1935826.1935914},
 acmid = {1935914},
 publisher = {ACM},
 address = {New York, NY, USA},
 keywords = {link prediction, social networks},
} 

